

@online{bsdocu,
    author= {The Khronos},
    title={glTF 2.0 Specification},
    year = {2021},
    url = {https://registry.khronos.org/glTF/specs/2.0/glTF-2.0.html#morph-targets},
    urldate = {2024-05-01}
}


@online{gitmorphnames,
    author={Diego F. Goberna},
    title={GitHub gLTF issue, Morph Target Names \#1036},
    year={2017},
    url={https://github.com/KhronosGroup/glTF/issues/1036},
    urldate = {2024-05-01}
}

@online{threegLTF,
    url={https://github.com/mrdoob/three.js/pull/13367},
    title={three.js github GLTFLoader: Support morph targetNames \#13367},
    author={takahirox},
    year={2018},
}

@online{facebookincubatorgLTF,
    url={https://github.com/facebookincubator/FBX2glTF/pull/122},
    title={facebookincubator FBX2gLTF github Blend shape keys to accessor names \#122},
    author={ox},
    year={2018},
}

@online{Maya2glTF,
    url={https://github.com/iimachines/Maya2glTF/issues/73},
    title={Maya2glTF github Support blend shape names \#73},
    author={fire},
    year={2019},
}

@online{babylongLTF,
    url={https://github.com/BabylonJS/Babylon.js/pull/6904},
    title={Babylon.js github glTF: Implement support for morph target names \#6904},
    author={zeux},
    year={2019},
}

@online{babForum,
    url={https://forum.babylonjs.com/t/copy-animations/33398/2},
    title={Copy Animations},
    author={vijay\_krishna},
    year={2022}
}